@Unpublished{CGWH,
author = {Neil Strictland},
title = {The category of CGWH spaces},
note = {Available at: https://ncatlab.org/nlab/files/StricklandCGHWSpaces.pdf},
OPTkey = {},
OPTmonth = {•},
year = {2009},
OPTannote = {}
}

@article{GW1,
    AUTHOR = "Goodwillie, Thomas G.",
    TITLE = "Calculus. {I}. {T}he first derivative of pseudoisotopy theory",
    JOURNAL = "$K$-Theory",
    FJOURNAL = "$K$-Theory. An Interdisciplinary Journal for the Development, Application, and Influence of $K$-Theory in the Mathematical Sciences",
    VOLUME = "4",
    YEAR = "1990",
    NUMBER = "1",
    PAGES = "1--27",
    ISSN = "0920-3036",
    MRCLASS = "57Q10 (19M05 55P99)",
    MRNUMBER = "1076523",
    DOI = "10.1007/BF00534191"
}

@article{GW3,
   title={Calculus {III}: Taylor Series},
   volume={7},
   ISSN={1465-3060},
   url={http://dx.doi.org/10.2140/gt.2003.7.645},
   DOI={10.2140/gt.2003.7.645},
   number={2},
   journal={Geometry \&amp; Topology},
   publisher={Mathematical Sciences Publishers},
   author={Goodwillie, Thomas G},
   year={2003},
   month=oct, pages={645–711} }

@Unpublished{PHC,
author = {Daniel Duggar},
title = {A Primer on Homotopy Colimits},
note = {Available at: https://ncatlab.org/nlab/files/Dugger-PrimerHomotopyColimits.pdf},
OPTkey = {},
OPTmonth = {•},
year = {2008},
OPTannote = {}
}

@Unpublished{AHKT,
author = {Fabian Hebestreit and Ferdinand Wagner},
title = {Algebraic and Hermitian K-Theory},
note = {Available at: https://florianadler.github.io/AlgebraBonn/KTheory.pdf},
OPTkey = {},
OPTmonth = {•},
OPTyear = {2008},
OPTannote = {}
}

@article{Biedermann_2007,
   title={Calculus of functors and model categories},
   volume={214},
   ISSN={0001-8708},
   url={http://dx.doi.org/10.1016/j.aim.2006.10.009},
   DOI={10.1016/j.aim.2006.10.009},
   number={1},
   journal={Advances in Mathematics},
   publisher={Elsevier BV},
   author={Biedermann, Georg and Chorny, Boris and Röndigs, Oliver},
   year={2007},
   month=sep, pages={92–115} }

@book{AT,
    title={Algebraic Topology},
    author={Allen Hatcher},
    isbn={9780521795401},
    year={2002},
    publisher={Cambridge University Press},
}

@book{ATHV,
    title={Algebraic Topology from a Homotopical Viewpoint},
    author={Marcelo Aguillar and Samuel Gitler and Carlos Prieto},
    isbn={978-0-387-22489-3},
    year={2002},
    publisher={Springer},
}

@book{MC,
    title={Model Categories},
    author={Mark Hovey},
    isbn={9780821843611},
    year={2007},
    publisher={American Mathematical Soc.},
}

@book{LNAT,
    title={Lecture Notes in Algebraic Topology},
    author={James F. Davis and Paul Kirk},
    isbn={9781470473686},
    year={2023},
    publisher={American Mathematical Soc.},
}

@book{ATHH,
    title={Algebraic Topology - Homotopy and Homology},
    author={Robert M. Switzer},
    isbn={978-3-540-42750-6},
    year={2002},
    publisher={Springer},
}

@book{ATTD,
    title={Algebraic Topology},
    author={Tammo tom Dieck},
    isbn={978-3-03719-048-7},
    year={2008},
    publisher={European Mathematical Society},
}

@book{HTT,
    title={Higher Topos Theory},
    author={Jacob Lurie},
    isbn={978-0-691-14048-3},
    year={2009},
    publisher={Princeton University Press},
}

@misc{HA,
    title        = {Higher Algebra},
    author       = {Jacob Lurie},
    howpublished = {https://www.math.ias.edu/~lurie/papers/HA.pdf},
    year         = {2017},
}

@book{CHT,
    title={Cubical Homotopy Theory},
    author={Brain A. Munson and Ismar Volić},
    isbn={9781139343329},
    year={2015},
    publisher={Cambridge University Press},
}

@book{CCAT,
    title={A Concise Course in Algebraic Topology},
    author={J.P. May},
    isbn={978-0226511832},
    year={1999},
    edition = {2nd},
    publisher={University of Chicago Press},
}

@book{IHT,
    title={Introduction to Homotpoy Theory},
    author={Martin Arkowitz},
    isbn={978-1-4419-7328-3},
    year={2011},
    publisher={Springer},
}

@article{TBER,
   title={On the construction of functorial factorizations for model categories},
   volume={13},
   ISSN={1472-2747},
   url={http://dx.doi.org/10.2140/agt.2013.13.1089},
   DOI={10.2140/agt.2013.13.1089},
   number={2},
   journal={Algebraic \&amp; Geometric Topology},
   publisher={Mathematical Sciences Publishers},
   author={Barthel, Tobias and Riehl, Emily},
   year={2013},
   month=apr, pages={1089–1124}}
   
@Article{NC,
author = {ARNE STRØM},
title = {NOTE ON COFIBRATIONS II},
journal = {Mathematica Scandinavica},
year = {1968},
OPTkey = {•},
volume = {22},
number = {1},
pages = {130-142},
OPTmonth = {•},
OPTnote = {•},
OPTannote = {•}
}

@book{MCHT,
    title={Modern Classical Homotopy Theory},
    author={Jeffrey Strom},
    isbn={978-1-4704-7163-7},
    year={2011},
    publisher={American Mathematical Soc.},
}

@book{MCL,
    title={Model Category and Their Localization},
    author={Philip S. Hirschhorn},
    isbn={9780821849170},
    year={2003},
    publisher={American Mathematical Soc.},
}

@misc{Kerodon,
    title        = {Kerodon},
    author       = {Jacob Lurie},
    howpublished = {https://kerodon.net},
    year         = {2018},
}

@book{TG,
    title={Topology and Groupoids},
    author={Ronald Brown},
    isbn={9781419627224},
    year={2006},
    edition = {3rd},
    publisher={http://www.groupoids.org.uk/},
}

@book{FSHT,
    title={Foundations of Stable Homotopy Theory},
    author={David Barnes and Costanze Roitzheim},
    isbn={9781108636575},
    year={2020},
    publisher={Cambridge University Press},
}
